@inproceedings{bohm2017mabe,
  title = {MABE (modular agent based evolver): A framework for digital evolution research},
  author = {Bohm, Clifford and Hintze, Arend and others},
  year = 2017,
  booktitle = {ECAL 2017, the Fourteenth European Conference on Artificial Life},
  pages = {76--83},
  organization = {MIT Press},
}
@article{casci2008lining,
  title = {Lining up is hard to do},
  author = {Casci, Tanita},
  year = 2008,
  journal = {Nature Reviews Genetics},
  publisher = {Nature Publishing Group},
  volume = 9,
  number = 8,
  pages = {573--573},
}
@software{charles_ofria_2020_4141943,
  title = {devosoft/Empirical: Before directory reorganization},
  author = {Charles Ofria and Matthew Andres Moreno and Emily Dolson and Alex Lalejini and rodsan0 and Jake Fenton and perryk12 and Steven Jorgensen and hoffmanriley and grenewode and Oliver Baldwin Edwards and Jason Stredwick and cgnitash and theycallmeHeem and Anya Vostinar and Ryan Moreno and Jory Schossau and Luis Zaman and djrain},
  year = 2020,
  month = oct,
  publisher = {Zenodo},
  doi = {10.5281/zenodo.4141943},
  url = {https://doi.org/10.5281/zenodo.4141943},
  version = {v0.0.4},
}
@article{cock2009biopython,
  title = {Biopython: freely available Python tools for computational molecular biology and bioinformatics},
  author = {Cock, Peter JA and Antao, Tiago and Chang, Jeffrey T and Chapman, Brad A and Cox, Cymon J and Dalke, Andrew and Friedberg, Iddo and Hamelryck, Thomas and Kauff, Frank and Wilczynski, Bartek and others},
  year = 2009,
  journal = {Bioinformatics},
  publisher = {Oxford University Press},
  volume = 25,
  number = 11,
  pages = {1422--1423},
}
@article{dolson2019modes,
  title = {The MODES Toolbox: Measurements of Open-Ended Dynamics in Evolving Systems},
  author = {Dolson, Emily L. and Vostinar, Anya E. and Wiser, Michael J. and Ofria, Charles},
  year = 2019,
  month = {04},
  journal = {Artificial Life},
  volume = 25,
  number = 1,
  pages = {50--73},
  doi = {10.1162/artl_a_00280},
  issn = {1064-5462},
  url = {https://doi.org/10.1162/artl\_a\_00280},
  eprint = {https://direct.mit.edu/artl/article-pdf/25/1/50/1667116/artl\_a\_00280.pdf},
}
@article{foster2017open,
  title = {Open science framework (OSF)},
  author = {Foster, Erin D and Deardorff, Ariel},
  year = 2017,
  journal = {Journal of the Medical Library Association: JMLA},
  publisher = {Medical Library Association},
  volume = 105,
  number = 2,
  pages = 203,
}
@article{gagliardi2019international,
  title = {The international race towards Exascale in Europe},
  author = {Gagliardi, Fabrizio and Moreto, Miquel and Olivieri, Mauro and Valero, Mateo},
  year = 2019,
  journal = {CCF Transactions on High Performance Computing},
  publisher = {Springer},
  pages = {1--11},
}
@article{gropp1996high,
  title = {A high-performance, portable implementation of the MPI message passing interface standard},
  author = {Gropp, William and Lusk, Ewing and Doss, Nathan and Skjellum, Anthony},
  year = 1996,
  journal = {Parallel computing},
  publisher = {North-Holland},
  volume = 22,
  number = 6,
  pages = {789--828},
}
@article{hagstrom2004using,
  title = {Using Avida to test the effects of natural selection on phylogenetic reconstruction methods},
  author = {Hagstrom, George I and Hang, Dehua H and Ofria, Charles and Torng, Eric},
  year = 2004,
  journal = {Artificial life},
  publisher = {MIT Press},
  volume = 10,
  number = 2,
  pages = {157--166},
}
@misc{hstratconceptsupplement,
  title = {Hereditary Stratigraph Concept},
  author = {Moreno, Matthew A and Dolson, Emily},
  year = 2022,
  month = {Mar},
  publisher = {Osf},
  doi = {10.17605/osf.io/4sm72},
  url = {osf.io/4sm72},
}
@article{hunter2007matplotlib,
  title = {Matplotlib: A 2D graphics environment},
  author = {Hunter, J. D.},
  year = 2007,
  journal = {Computing in Science \& Engineering},
  publisher = {Ieee Computer Soc},
  volume = 9,
  number = 3,
  pages = {90--95},
  doi = {10.1109/mcse.2007.55},
}
@article{kapli2020phylogenetic,
  title = {Phylogenetic tree building in the genomic age},
  author = {Kapli, Paschalia and Yang, Ziheng and Telford, Maximilian J},
  year = 2020,
  journal = {Nature Reviews Genetics},
  publisher = {Nature Publishing Group},
  volume = 21,
  number = 7,
  pages = {428--444},
}
@article{lack2010identifying,
  title = {Identifying the confounding factors in resolving phylogenetic relationships in Vespertilionidae},
  author = {Lack, Justin B and Van Den Bussche, Ronald A},
  year = 2010,
  journal = {Journal of Mammalogy},
  publisher = {American Society of Mammalogists 810 East 10th Street, PO Box 1897, Lawrence~â€¦},
  volume = 91,
  number = 6,
  pages = {1435--1448},
}
@inproceedings{lalejini2019data,
  title = {Data Standards for Artificial Life Software},
  author = {Lalejini, Alexander and Dolson, Emily and Bohm, Clifford and Ferguson, Austin J and Parsons, David P and Rainford, Penelope Faulkner and Richmond, Paul and Ofria, Charles},
  year = 2019,
  booktitle = {ALIFE 2019: The 2019 Conference on Artificial Life},
  pages = {507--514},
  organization = {MIT Press},
}
@article{ofria2004avida,
  title = {Avida: A software platform for research in computational evolutionary biology},
  author = {Ofria, Charles and Wilke, Claus O},
  year = 2004,
  journal = {Artificial life},
  publisher = {MIT Press},
  volume = 10,
  number = 2,
  pages = {191--229},
}
@inproceedings{ragan2018binder,
  title = {Binder 2.0-Reproducible, interactive, sharable environments for science at scale},
  author = {Ragan-Kelley, Benjamin and Willing, Carol},
  year = 2018,
  booktitle = {Proceedings of the 17th Python in Science Conference (F. Akici, D. Lippa, D. Niederhut, and M. Pacer, eds.)},
  pages = {113--120},
}
@inproceedings{sarkar2010hardware,
  title = {Hardware accelerators for biocomputing: A survey},
  author = {Sarkar, Souradip and Majumder, Turbo and Kalyanaraman, Ananth and Pande, Partha Pratim},
  year = 2010,
  booktitle = {Proceedings of 2010 IEEE International Symposium on Circuits and Systems},
  pages = {3789--3792},
  organization = {Ieee},
}
@misc{sloane2021a001511,
  title = {Sequence A001511},
  author = {The OEIS Foundation Inc.},
  year = 2021,
  journal = {The on-line encyclopedia of integer sequences},
  url = {https://oeis.org/A001511},
}
@misc{sloane2021a056791,
  title = {Sequence A056791},
  author = {The OEIS Foundation Inc.},
  year = 2021,
  journal = {The on-line encyclopedia of integer sequences},
  url = {https://oeis.org/A056791},
}
@misc{sloane2021a063787,
  title = {Sequence A063787},
  author = {The OEIS Foundation Inc.},
  year = 2021,
  journal = {The on-line encyclopedia of integer sequences},
  url = {https://oeis.org/A063787},
}
@article{stanley2002evolving,
  title = {Evolving neural networks through augmenting topologies},
  author = {Stanley, Kenneth O and Miikkulainen, Risto},
  year = 2002,
  journal = {Evolutionary computation},
  publisher = {MIT Press},
  volume = 10,
  number = 2,
  pages = {99--127},
}
@article{sukumaran2010dendropy,
  title = {DendroPy: a Python library for phylogenetic computing},
  author = {Sukumaran, Jeet and Holder, Mark T},
  year = 2010,
  journal = {Bioinformatics},
  publisher = {Oxford University Press},
  volume = 26,
  number = 12,
  pages = {1569--1571},
}
@article{virtanen2020scipy,
  title = {{{SciPy} 1.0: Fundamental Algorithms for Scientific Computing in Python}},
  author = {Virtanen, Pauli and Gommers, Ralf and Oliphant, Travis E. and Haberland, Matt and Reddy, Tyler and Cournapeau, David and Burovski, Evgeni and Peterson, Pearu and Weckesser, Warren and Bright, Jonathan and {van der Walt}, St{\'e}fan J. and Brett, Matthew and Wilson, Joshua and Millman, K. Jarrod and Mayorov, Nikolay and Nelson, Andrew R. J. and Jones, Eric and Kern, Robert and Larson, Eric and Carey, C J and Polat, {\.I}lhan and Feng, Yu and Moore, Eric W. and {VanderPlas}, Jake and Laxalde, Denis and Perktold, Josef and Cimrman, Robert and Henriksen, Ian and Quintero, E. A. and Harris, Charles R. and Archibald, Anne M. and Ribeiro, Ant{\^o}nio H. and Pedregosa, Fabian and {van Mulbregt}, Paul and {SciPy 1.0 Contributors}},
  year = 2020,
  journal = {Nature Methods},
  volume = 17,
  pages = {261--272},
  doi = {10.1038/s41592-019-0686-2},
  adsurl = {https://rdcu.be/b08Wh},
}
@inproceedings{wang2018vine,
  title = {Vine: an open source interactive data visualization tool for neuroevolution},
  author = {Wang, Rui and Clune, Jeff and Stanley, Kenneth O},
  year = 2018,
  booktitle = {Proceedings of the Genetic and Evolutionary Computation Conference Companion},
  pages = {1562--1564},
}
@article{waskom2021seaborn,
  title = {seaborn: statistical data visualization},
  author = {Michael L. Waskom},
  year = 2021,
  journal = {Journal of Open Source Software},
  publisher = {The Open Journal},
  volume = 6,
  number = 60,
  pages = 3021,
  doi = {10.21105/joss.03021},
  url = {https://doi.org/10.21105/joss.03021},
}
